
%%%%%% Etat d'art REF
@article{seity2011arome,
  title={The AROME-France convective-scale operational model},
  author={Seity, Y and Brousseau, P and Malardel, Sl and Hello, G and B{\'e}nard, P and Bouttier, F and Lac, C and Masson, V},
  journal={Monthly Weather Review},
  volume={139},
  number={3},
  pages={976--991},
  year={2011}
}

@article{Ouagabi-Bari2018,
  title={{Estimation de la visibilité horizontale à partir des prévisions du modèle AROME grâce au Datamining sur la partie Nord du Maroc}},
  author={Abdelali Ouagabi and Driss Bari},
  journal={Rapport de Stage de Fin d'Etudes en Master},
  pages={pp81},
  year={2018}
}

@techreport{Ouagabi-Bari2018bis,
     title = {{Estimation de la visibilité horizontale à partir des prévisions du modèle AROME grâce au Datamining sur la partie Nord du Maroc}},
     author = {Abdelali Ouagabi and Driss Bari}
     year = {2018},
     institution = {Département de l'Informatique, Faculté des Sciences, Université Ibn Toufail},
}
@inproceedings{chen2007survey,
  title={A survey of open source data mining systems},
  author={Chen, Xiaojun and Ye, Yunming and Williams, Graham and Xu, Xiaofei},
  booktitle={Pacific-Asia Conference on Knowledge Discovery and Data Mining},
  pages={3--14},
  year={2007},
  organization={Springer}
}

@article{gunther2010neuralnet,
  title={neuralnet: Training of neural networks},
  author={G{\"u}nther, Frauke and Fritsch, Stefan},
  journal={The R journal},
  volume={2},
  number={1},
  pages={30--38},
  year={2010}
}


@article{parizeau2004perceptron,
  title={Le perceptron multicouche et son algorithme de r{\'e}tropropagation des erreurs},
  author={Parizeau, Marc},
  journal={d{\'e}partement de g{\'e}nie {\'e}lectrique et de g{\'e}nie informatique, Universit{\'e} de laval},
  year={2004}
}

@article{friedman2002stochastic,
  title={Stochastic gradient boosting},
  author={Friedman, Jerome H},
  journal={Computational statistics \& data analysis},
  volume={38},
  number={4},
  pages={367--378},
  year={2002},
  publisher={Elsevier}
}

@article{breiman1996bagging,
  title={Bagging predictors},
  author={Breiman, Leo},
  journal={Machine learning},
  volume={24},
  number={2},
  pages={123--140},
  year={1996},
  publisher={Springer}
}

@article{breiman2001random,
  title={Random forests},
  author={Breiman, Leo},
  journal={Machine learning},
  volume={45},
  number={1},
  pages={5--32},
  year={2001},
  publisher={Springer}
}

@article{gultepe2007,
  title={Fog research: A review of past achievements and future perspectives},
  author={Gultepe, Ismail and Tardif, R and Michaelides, SC and Cermak, J and Bott, A and Bendix, J and M{\"u}ller, Mathias David and Pagowski, M and Hansen, B and Ellrod, G and others},
  journal={Pure and Applied Geophysics},
  volume={164},
  number={6-7},
  pages={1121--1159},
  year={2007},
  publisher={Springer}
}

@article{bankert,
        author = {Bankert, Richard L. and Hadjimichael, Michael and Kuciauskas, Arunas P. and Thompson, William T. and Richardson, Kim},
        title = {Remote Cloud Ceiling Assessment Using Data-Mining Methods},
        journal = {Journal of Applied Meteorology},
        volume = {43},
        number = {12},
        pages = {1929-1946},
        year = {2004},
        doi = {10.1175/JAM2177.1},
        URL = { https://doi.org/10.1175/JAM2177.1},
        eprint = { https://doi.org/10.1175/JAM2177.1}
}
@article{bartokova2015fog,
  title={Fog prediction for road traffic safety in a coastal desert region: Improvement of nowcasting skills by the machine-learning approach},
  author={Bartokov{\'a}, Ivana and Bott, Andreas and Bartok, Juraj and Gera, Martin},
  journal={Boundary-layer meteorology},
  volume={157},
  number={3},
  pages={501--516},
  year={2015},
  publisher={Springer}
}
@article{bari2015lvp,
  title={LVP conditions at Mohamed V airport, Morocco: local characteristics and prediction using neural networks},
  author={Bari, Driss and El Khlifi, Mohamed},
  journal={International Journal of Basic and Applied Sciences},
  volume={4},
  number={4},
  pages={354},
  year={2015},
  publisher={Science Publishing Corporation}
}
@Article{Kneringer,
author="Kneringer, Philipp
and Dietz, Sebastian J.
and Mayr, Georg J.
and Zeileis, Achim",
title="Probabilistic Nowcasting of Low-Visibility Procedure States at Vienna International Airport During Cold Season",
journal="Pure and Applied Geophysics",
year="2018",
month="April",
day="17",
volume="176",
number="5",
pages="2165--2177",
issn="1420-9136",
doi="10.1007/s00024-018-1863-4",
url="https://doi.org/10.1007/s00024-018-1863-4"
}
@article{zhu,
  title={The Application of Deep Learning in Airport Visibility Forecast},
  author={Zhu, Lei and Zhu, Guodong and Han, Lei and Wang, Nan},
  journal={Atmospheric and Climate Sciences},
  volume={7},
  number={03},
  pages={314},
  year={2017},
  publisher={Scientific Research Publishing}
}
@article{bari2017,
        author = {Bari, Driss and Lemkhenter, Abdelhak},
        title = {Remote-Ground based observations Merging Method For Visibility and Cloud Ceiling Assessment During the Night Using Data-Mining Algorithms },
        journal = { In Proceedings Aeronautical Meteorology Scientific Conference},
        number = {AeroMetSci-2017-AeM SERIES No. 2},
        year = {2017},
        pages={p 128-133},
        URL = {https://www.wmo.int/aemp/sites/default/files/Extended_Abstract_Bari_Session1_AeroMetSci-2017.pdf},
}
@inproceedings{bari2018visibility,
  title={Visibility Prediction Based on Kilometric NWP Model Outputs Using Machine-Learning Regression},
  author={Bari, Driss},
  booktitle={2018 IEEE 14th International Conference on e-Science (e-Science)},
  pages={278--278},
  year={2018},
  organization={IEEE}
}

@article{ def_broui,
    author =       "WMO",
    title =        "International meteorological vocabulary. WMO Publication 182, World Meteorological Organization : Geneva, Switzerland",
    year =         "1992",
}

%% WEKA REF
@book{witten2016data,
  title={Data Mining: Practical machine learning tools and techniques},
  author={Witten, Ian H and Frank, Eibe and Hall, Mark A and Pal, Christopher J},
  year={2016},
  publisher={Morgan Kaufmann}
}
%% H2O REF
@book{cook2016practical,
  title={Practical machine learning with H2O: powerful, scalable techniques for deep learning and AI},
  author={Cook, Darren},
  year={2016},
  publisher={" O'Reilly Media, Inc."}
}
%% SCikit REF
@article{pedregosa2011scikit,
  title={Scikit-learn: Machine learning in Python},
  author={Pedregosa, Fabian and Varoquaux, Ga{\"e}l and Gramfort, Alexandre and Michel, Vincent and Thirion, Bertrand and Grisel, Olivier and Blondel, Mathieu and Prettenhofer, Peter and Weiss, Ron and Dubourg, Vincent and others},
  journal={Journal of machine learning research},
  volume={12},
  number={Oct},
  pages={2825--2830},
  year={2011}
}
@article{chang2011libsvm,
  title={" LIBSVM: a library for support vector machines," ACM Transactions on Intelligent Systems and Technology, 2: 27: 1--27: 27, 2011},
  author={Chang, Chih-Chung},
  journal={http://www. csie. ntu. edu. tw/\~{} cjlin/libsvm},
  volume={2},
  year={2011}
}
@article{article,
    author = {Varoquaux, Gael and Buitinck, Lars and Louppe, Gilles and Grisel, O and Pedregosa, Fabian and Mueller, A},
    year = {2015},
    month = {06},
    pages = {29-33},
    title = {Scikit-learn: Machine Learning Without Learning the Machinery},
    volume = {19},
    journal = {GetMobile: Mobile Computing and Communications},
    doi = {10.1145/2786984.2786995}
}
%%TENSOR FLOW REF
@article{girija2016tensorflow,
  title={Tensorflow: Large-scale machine learning on heterogeneous distributed systems},
  author={Girija, Sanjay Surendranath},
  journal={Software available from tensorflow. org},
  year={2016}
}
 @misc{ wiki:xxx,
   author = "Wikipédia",
   title = "TensorFlow --- Wikipédia{,} l'encyclopédie libre",
   year = "2019",
   url = "http://fr.wikipedia.org/w/index.php?title=TensorFlow&oldid=156324138",
   note = "[En ligne; Page disponible le 30-janvier-2019]"
 }
@online{softwebsolutions,
    title     = {Tensorflow – Google’s artificial intelligence system for large scale machine learning},
    url       = {https://www.softwebsolutions.com/resources/tensorflow-googles-artificial-intelligence-system.html},
    year    = {2016},
    urldate = {2019-04-21}
}
%%KERAS REF
@book{Chollet2018,
    title = {Deep Learning with R. Manning.},
    author = {Chollet François, Allaire J. J.},
    year = {2018},
    pages = {54},
    publisher = {MANNING},
    ISBN ={978-1-61729-554-6}

}
%% RF REF
@article{wang2016estimation,
  title={Estimation of biomass in wheat using random forest regression algorithm and remote sensing data},
  author={Wang, Li'ai and Zhou, Xudong and Zhu, Xinkai and Dong, Zhaodi and Guo, Wenshan},
  journal={The Crop Journal},
  volume={4},
  number={3},
  pages={212--219},
  year={2016},
  publisher={Elsevier}
}
%%% GBM REF
@misc{ wiki:gradient,
    author = "{Wikipedia contributors}",
    title = "Gradient boosting --- {Wikipedia}{,} The Free Encyclopedia",
    year = "2019",
    howpublished = "\url{https://en.wikipedia.org/w/index.php?title=Gradient_boosting&oldid=897077958}",
    note = "[Online; accessed 22-May-2019]"
  }
@techreport{breiman1997arcing,
  title={Arcing the edge},
  author={Breiman, Leo},
  year={1997},
  institution={Technical Report 486, Statistics Department, University of California at~…}
}
@article{friedman2001greedy,
  title={Greedy function approximation: a gradient boosting machine},
  author={Friedman, Jerome H},
  journal={Annals of statistics},
  pages={1189--1232},
  year={2001},
  publisher={JSTOR}
}

@online{vidhya,
    author    = "AISHWARYA SINGH",
    title     = "A Comprehensive Guide to Ensemble Learning (with Python codes)",
    url       = "https://www.analyticsvidhya.com/blog/2018/06/comprehensive-guide-for-ensemble-models/",
    addendum = "(publié en: 18/06/2018 )",
}
%%XGBOOST REF
@inproceedings{chen2016xgboost,
  title={Xgboost: A scalable tree boosting system},
  author={Chen, Tianqi and Guestrin, Carlos},
  booktitle={Proceedings of the 22nd acm sigkdd international conference on knowledge discovery and data mining},
  pages={785--794},
  year={2016},
  organization={ACM}
}
%%%%%% DL REF
@book{touzet1992reseaux,
  title={les r{\'e}seaux de neurones artificiels, introduction au connexionnisme},
  author={Touzet, Claude},
  year={1992},
  publisher={EC2}
}
@misc{Backpropagation,
  title = {{Backpropagation} Algorithm For Training A Neural Network},
  author = {Saurabh}
  howpublished ={\url{https://www.edureka.co/blog/backpropagation/}},
  note = {Accessed: 2019-05-22}
}
%%%% Diagnostic Ref
@article{wmo2008recommendations,
  title={Recommendations for the Verification and Intercomparison of QPFs and PQPFs from Operational NWP Models},
  author={WMO},
  year={2008}
}
%%% Data prep REF
%% bari2018visibility
